option,date,timestamp_ms,datetime_et,price,size,exchange,conditions
O:SPY240322P00470000,2024-03-11,1710187078771,2024-03-11T15:57:58.771000-04:00,0.25,1,312,[232]
O:SPY240322P00470000,2024-03-11,1710186938316,2024-03-11T15:55:38.316000-04:00,0.25,1,302,[232]
O:SPY240322P00470000,2024-03-11,1710186938311,2024-03-11T15:55:38.311000-04:00,0.25,1,308,[236]
O:SPY240322P00470000,2024-03-11,1710186938213,2024-03-11T15:55:38.213000-04:00,0.25,1,302,[232]
O:SPY240322P00470000,2024-03-11,1710186938209,2024-03-11T15:55:38.209000-04:00,0.25,1,308,[236]
O:SPY240322P00470000,2024-03-11,1710186938109,2024-03-11T15:55:38.109000-04:00,0.25,1,302,[232]
O:SPY240322P00470000,2024-03-11,1710186938107,2024-03-11T15:55:38.107000-04:00,0.25,1,308,[236]
O:SPY240322P00470000,2024-03-11,1710186938006,2024-03-11T15:55:38.006000-04:00,0.25,1,302,[232]
O:SPY240322P00470000,2024-03-11,1710186938004,2024-03-11T15:55:38.004000-04:00,0.25,1,308,[236]
O:SPY240322P00470000,2024-03-11,1710186937901,2024-03-11T15:55:37.901000-04:00,0.25,1,302,[232]
O:SPY240322P00470000,2024-03-11,1710186937901,2024-03-11T15:55:37.901000-04:00,0.25,1,308,[236]
O:SPY240322P00470000,2024-03-11,1710186773868,2024-03-11T15:52:53.868000-04:00,0.26,1,300,[209]
O:SPY240322P00470000,2024-03-11,1710186333593,2024-03-11T15:45:33.593000-04:00,0.24,45,319,[209]
O:SPY240322P00470000,2024-03-11,1710186316716,2024-03-11T15:45:16.716000-04:00,0.24,1,308,[232]
O:SPY240322P00470000,2024-03-11,1710186133608,2024-03-11T15:42:13.608000-04:00,0.25,1,312,[232]
O:SPY240322P00470000,2024-03-11,1710183268733,2024-03-11T14:54:28.733000-04:00,0.24,1,301,[219]
O:SPY240322P00470000,2024-03-11,1710183004698,2024-03-11T14:50:04.698000-04:00,0.24,1,308,[232]
O:SPY240322P00470000,2024-03-11,1710182646427,2024-03-11T14:44:06.427000-04:00,0.24,1,304,[232]
O:SPY240322P00470000,2024-03-11,1710182481449,2024-03-11T14:41:21.449000-04:00,0.23,1,302,[233]
O:SPY240322P00470000,2024-03-11,1710181880495,2024-03-11T14:31:20.495000-04:00,0.24,1,300,[232]
O:SPY240322P00470000,2024-03-11,1710180302202,2024-03-11T14:05:02.202000-04:00,0.24,1,312,[232]
O:SPY240322P00470000,2024-03-11,1710180272057,2024-03-11T14:04:32.057000-04:00,0.23,1,302,[233]
O:SPY240322P00470000,2024-03-11,1710180272057,2024-03-11T14:04:32.057000-04:00,0.23,1,302,[233]
O:SPY240322P00470000,2024-03-11,1710180272057,2024-03-11T14:04:32.057000-04:00,0.23,1,302,[233]
O:SPY240322P00470000,2024-03-11,1710180272057,2024-03-11T14:04:32.057000-04:00,0.23,1,302,[233]
O:SPY240322P00470000,2024-03-11,1710180272057,2024-03-11T14:04:32.057000-04:00,0.23,1,302,[233]
O:SPY240322P00470000,2024-03-11,1710180272057,2024-03-11T14:04:32.057000-04:00,0.23,3,302,[233]
O:SPY240322P00470000,2024-03-11,1710179732166,2024-03-11T13:55:32.166000-04:00,0.24,1,304,[232]
O:SPY240322P00470000,2024-03-11,1710178335449,2024-03-11T13:32:15.449000-04:00,0.24,1,312,[232]
O:SPY240322P00470000,2024-03-11,1710177616913,2024-03-11T13:20:16.913000-04:00,0.25,1,303,[209]
O:SPY240322P00470000,2024-03-11,1710177566772,2024-03-11T13:19:26.772000-04:00,0.25,1,304,[232]
O:SPY240322P00470000,2024-03-11,1710175998127,2024-03-11T12:53:18.127000-04:00,0.25,1,302,[232]
O:SPY240322P00470000,2024-03-11,1710175302776,2024-03-11T12:41:42.776000-04:00,0.26,1,315,[209]
O:SPY240322P00470000,2024-03-11,1710174913574,2024-03-11T12:35:13.574000-04:00,0.27,1,312,[232]
O:SPY240322P00470000,2024-03-11,1710174874301,2024-03-11T12:34:34.301000-04:00,0.26,1,302,[233]
O:SPY240322P00470000,2024-03-11,1710173770618,2024-03-11T12:16:10.618000-04:00,0.27,1,300,[232]
O:SPY240322P00470000,2024-03-11,1710172751075,2024-03-11T11:59:11.075000-04:00,0.26,1,303,[209]
O:SPY240322P00470000,2024-03-11,1710172749061,2024-03-11T11:59:09.061000-04:00,0.26,1,312,[232]
O:SPY240322P00470000,2024-03-11,1710171900556,2024-03-11T11:45:00.556000-04:00,0.27,1,304,[232]
O:SPY240322P00470000,2024-03-11,1710171454047,2024-03-11T11:37:34.047000-04:00,0.27,1,322,[232]
O:SPY240322P00470000,2024-03-11,1710171416489,2024-03-11T11:36:56.489000-04:00,0.28,1,308,[232]
O:SPY240322P00470000,2024-03-11,1710170690254,2024-03-11T11:24:50.254000-04:00,0.3,1,308,[233]
O:SPY240322P00470000,2024-03-11,1710169977804,2024-03-11T11:12:57.804000-04:00,0.29,5,309,[219]
O:SPY240322P00470000,2024-03-11,1710168094845,2024-03-11T10:41:34.845000-04:00,0.31,1,308,[232]
O:SPY240322P00470000,2024-03-11,1710166810101,2024-03-11T10:20:10.101000-04:00,0.29,10,302,[209]
O:SPY240322P00470000,2024-03-11,1710166810101,2024-03-11T10:20:10.101000-04:00,0.29,10,302,[209]
O:SPY240322P00470000,2024-03-11,1710166700129,2024-03-11T10:18:20.129000-04:00,0.31,4,313,[209]
O:SPY240322P00470000,2024-03-11,1710166629222,2024-03-11T10:17:09.222000-04:00,0.31,1,302,[233]
O:SPY240322P00470000,2024-03-11,1710166157674,2024-03-11T10:09:17.674000-04:00,0.32,1,308,[233]
O:SPY240322P00470000,2024-03-11,1710165161181,2024-03-11T09:52:41.181000-04:00,0.29,9,300,[227]
O:SPY240322P00470000,2024-03-11,1710164022546,2024-03-11T09:33:42.546000-04:00,0.28,148,312,[227]
O:SPY240322P00470000,2024-03-11,1710163997996,2024-03-11T09:33:17.996000-04:00,0.29,8,304,[209]
O:SPY240322P00470000,2024-03-11,1710163997995,2024-03-11T09:33:17.995000-04:00,0.29,12,304,[209]
O:SPY240322P00470000,2024-03-11,1710163997984,2024-03-11T09:33:17.984000-04:00,0.29,5,319,[209]
O:SPY240322P00470000,2024-03-11,1710163814248,2024-03-11T09:30:14.248000-04:00,0.28,25,308,[232]
O:SPY240322P00470000,2024-03-12,1710272695911,2024-03-12T15:44:55.911000-04:00,0.13,3,319,[209]
O:SPY240322P00470000,2024-03-12,1710272265667,2024-03-12T15:37:45.667000-04:00,0.13,2,309,[209]
O:SPY240322P00470000,2024-03-12,1710272172103,2024-03-12T15:36:12.103000-04:00,0.13,1,304,[209]
O:SPY240322P00470000,2024-03-12,1710271836530,2024-03-12T15:30:36.530000-04:00,0.13,1,303,[236]
O:SPY240322P00470000,2024-03-12,1710270304444,2024-03-12T15:05:04.444000-04:00,0.14,1,308,[232]
O:SPY240322P00470000,2024-03-12,1710267148336,2024-03-12T14:12:28.336000-04:00,0.13,1,322,[236]
O:SPY240322P00470000,2024-03-12,1710267148336,2024-03-12T14:12:28.336000-04:00,0.13,2,322,[236]
O:SPY240322P00470000,2024-03-12,1710267148336,2024-03-12T14:12:28.336000-04:00,0.13,1,322,[236]
O:SPY240322P00470000,2024-03-12,1710267148336,2024-03-12T14:12:28.336000-04:00,0.13,2,322,[236]
O:SPY240322P00470000,2024-03-12,1710267148336,2024-03-12T14:12:28.336000-04:00,0.13,1,322,[236]
O:SPY240322P00470000,2024-03-12,1710267148336,2024-03-12T14:12:28.336000-04:00,0.13,2,322,[236]
O:SPY240322P00470000,2024-03-12,1710265811458,2024-03-12T13:50:11.458000-04:00,0.14,1,304,[209]
O:SPY240322P00470000,2024-03-12,1710265806578,2024-03-12T13:50:06.578000-04:00,0.14,2,313,[209]
O:SPY240322P00470000,2024-03-12,1710265581670,2024-03-12T13:46:21.670000-04:00,0.14,2,302,[233]
O:SPY240322P00470000,2024-03-12,1710264111668,2024-03-12T13:21:51.668000-04:00,0.14,1,303,[236]
O:SPY240322P00470000,2024-03-12,1710260941220,2024-03-12T12:29:01.220000-04:00,0.15,40,308,[236]
O:SPY240322P00470000,2024-03-12,1710257947898,2024-03-12T11:39:07.898000-04:00,0.15,2,302,[227]
O:SPY240322P00470000,2024-03-12,1710257947798,2024-03-12T11:39:07.798000-04:00,0.14,6,312,[209]
O:SPY240322P00470000,2024-03-12,1710257947798,2024-03-12T11:39:07.798000-04:00,0.14,9,312,[209]
O:SPY240322P00470000,2024-03-12,1710256800588,2024-03-12T11:20:00.588000-04:00,0.14,10,308,[236]
O:SPY240322P00470000,2024-03-12,1710256626888,2024-03-12T11:17:06.888000-04:00,0.14,10,308,[236]
O:SPY240322P00470000,2024-03-12,1710254845658,2024-03-12T10:47:25.658000-04:00,0.14,5,300,[227]
O:SPY240322P00470000,2024-03-12,1710254687550,2024-03-12T10:44:47.550000-04:00,0.15,5,309,[209]
O:SPY240322P00470000,2024-03-12,1710254295479,2024-03-12T10:38:15.479000-04:00,0.15,1,301,[209]
O:SPY240322P00470000,2024-03-12,1710254011067,2024-03-12T10:33:31.067000-04:00,0.15,3,315,[209]
O:SPY240322P00470000,2024-03-12,1710253449089,2024-03-12T10:24:09.089000-04:00,0.15,1,300,[209]
O:SPY240322P00470000,2024-03-12,1710253419650,2024-03-12T10:23:39.650000-04:00,0.16,10,303,[236]
O:SPY240322P00470000,2024-03-12,1710252844842,2024-03-12T10:14:04.842000-04:00,0.17,10,319,[209]
O:SPY240322P00470000,2024-03-12,1710252158346,2024-03-12T10:02:38.346000-04:00,0.17,5,315,[209]
O:SPY240322P00470000,2024-03-12,1710251933953,2024-03-12T09:58:53.953000-04:00,0.18,5,300,[209]
O:SPY240322P00470000,2024-03-12,1710251700822,2024-03-12T09:55:00.822000-04:00,0.18,10,309,[219]
O:SPY240322P00470000,2024-03-12,1710251562829,2024-03-12T09:52:42.829000-04:00,0.2,1,312,[232]
O:SPY240322P00470000,2024-03-12,1710250754433,2024-03-12T09:39:14.433000-04:00,0.19,1,302,[233]
O:SPY240322P00470000,2024-03-12,1710250461518,2024-03-12T09:34:21.518000-04:00,0.16,1,300,[227]
O:SPY240322P00470000,2024-03-12,1710250201399,2024-03-12T09:30:01.399000-04:00,0.17,1,308,[236]
O:SPY240322P00470000,2024-03-12,1710250200353,2024-03-12T09:30:00.353000-04:00,0.18,3,308,[232]
O:SPY240322P00470000,2024-03-13,1710358472988,2024-03-13T15:34:32.988000-04:00,0.12,20,322,[209]
O:SPY240322P00470000,2024-03-13,1710353298835,2024-03-13T14:08:18.835000-04:00,0.12,4,308,[236]
O:SPY240322P00470000,2024-03-13,1710353298833,2024-03-13T14:08:18.833000-04:00,0.12,3,308,[236]
O:SPY240322P00470000,2024-03-13,1710353298833,2024-03-13T14:08:18.833000-04:00,0.12,3,308,[236]
O:SPY240322P00470000,2024-03-13,1710348811791,2024-03-13T12:53:31.791000-04:00,0.12,1,308,[232]
O:SPY240322P00470000,2024-03-13,1710341296135,2024-03-13T10:48:16.135000-04:00,0.13,5,319,[209]
O:SPY240322P00470000,2024-03-13,1710340315295,2024-03-13T10:31:55.295000-04:00,0.12,10,304,[227]
O:SPY240322P00470000,2024-03-13,1710339669926,2024-03-13T10:21:09.926000-04:00,0.12,50,300,[227]
O:SPY240322P00470000,2024-03-13,1710337747412,2024-03-13T09:49:07.412000-04:00,0.12,10,308,[236]
O:SPY240322P00470000,2024-03-13,1710336605361,2024-03-13T09:30:05.361000-04:00,0.12,1,316,[209]
O:SPY240322P00470000,2024-03-14,1710445758497,2024-03-14T15:49:18.497000-04:00,0.16,4,300,[209]
O:SPY240322P00470000,2024-03-14,1710445758497,2024-03-14T15:49:18.497000-04:00,0.16,1,300,[209]
O:SPY240322P00470000,2024-03-14,1710445579360,2024-03-14T15:46:19.360000-04:00,0.16,15,319,[209]
O:SPY240322P00470000,2024-03-14,1710445261344,2024-03-14T15:41:01.344000-04:00,0.18,7,313,[209]
O:SPY240322P00470000,2024-03-14,1710445201238,2024-03-14T15:40:01.238000-04:00,0.18,1,313,[219]
O:SPY240322P00470000,2024-03-14,1710444790044,2024-03-14T15:33:10.044000-04:00,0.18,1,300,[209]
O:SPY240322P00470000,2024-03-14,1710443966924,2024-03-14T15:19:26.924000-04:00,0.17,1,300,[227]
O:SPY240322P00470000,2024-03-14,1710443904057,2024-03-14T15:18:24.057000-04:00,0.15,1,304,[209]
O:SPY240322P00470000,2024-03-14,1710443904040,2024-03-14T15:18:24.040000-04:00,0.15,200,313,[209]
O:SPY240322P00470000,2024-03-14,1710443652770,2024-03-14T15:14:12.770000-04:00,0.13,5,300,[227]
O:SPY240322P00470000,2024-03-14,1710443340459,2024-03-14T15:09:00.459000-04:00,0.15,1,312,[236]
O:SPY240322P00470000,2024-03-14,1710438145787,2024-03-14T13:42:25.787000-04:00,0.14,10,309,[209]
O:SPY240322P00470000,2024-03-14,1710437725556,2024-03-14T13:35:25.556000-04:00,0.14,10,301,[209]
O:SPY240322P00470000,2024-03-14,1710437663236,2024-03-14T13:34:23.236000-04:00,0.14,3,309,[219]
O:SPY240322P00470000,2024-03-14,1710437009998,2024-03-14T13:23:29.998000-04:00,0.14,3,309,[209]
O:SPY240322P00470000,2024-03-14,1710432920821,2024-03-14T12:15:20.821000-04:00,0.15,26,304,[209]
O:SPY240322P00470000,2024-03-14,1710432920821,2024-03-14T12:15:20.821000-04:00,0.15,38,304,[209]
O:SPY240322P00470000,2024-03-14,1710432666375,2024-03-14T12:11:06.375000-04:00,0.14,3,315,[219]
O:SPY240322P00470000,2024-03-14,1710430689420,2024-03-14T11:38:09.420000-04:00,0.13,4,309,[209]
O:SPY240322P00470000,2024-03-14,1710430387859,2024-03-14T11:33:07.859000-04:00,0.14,1,302,[209]
O:SPY240322P00470000,2024-03-14,1710430387859,2024-03-14T11:33:07.859000-04:00,0.14,2,302,[209]
O:SPY240322P00470000,2024-03-14,1710430387859,2024-03-14T11:33:07.859000-04:00,0.14,4,302,[209]
O:SPY240322P00470000,2024-03-14,1710430256673,2024-03-14T11:30:56.673000-04:00,0.14,1,300,[209]
O:SPY240322P00470000,2024-03-14,1710430256673,2024-03-14T11:30:56.673000-04:00,0.14,5,300,[209]
O:SPY240322P00470000,2024-03-14,1710430256673,2024-03-14T11:30:56.673000-04:00,0.14,1,300,[209]
O:SPY240322P00470000,2024-03-14,1710430250559,2024-03-14T11:30:50.559000-04:00,0.14,5,319,[209]
O:SPY240322P00470000,2024-03-14,1710430250558,2024-03-14T11:30:50.558000-04:00,0.14,1,312,[209]
O:SPY240322P00470000,2024-03-14,1710430250558,2024-03-14T11:30:50.558000-04:00,0.14,5,304,[209]
O:SPY240322P00470000,2024-03-14,1710430250558,2024-03-14T11:30:50.558000-04:00,0.14,1,302,[209]
O:SPY240322P00470000,2024-03-14,1710430250558,2024-03-14T11:30:50.558000-04:00,0.14,2,302,[209]
O:SPY240322P00470000,2024-03-14,1710430250558,2024-03-14T11:30:50.558000-04:00,0.14,1,302,[209]
O:SPY240322P00470000,2024-03-14,1710430250558,2024-03-14T11:30:50.558000-04:00,0.14,5,313,[209]
O:SPY240322P00470000,2024-03-14,1710430152929,2024-03-14T11:29:12.929000-04:00,0.13,20,302,[227]
O:SPY240322P00470000,2024-03-14,1710427677372,2024-03-14T10:47:57.372000-04:00,0.12,10,301,[219]
O:SPY240322P00470000,2024-03-14,1710426815339,2024-03-14T10:33:35.339000-04:00,0.12,6,312,[209]
O:SPY240322P00470000,2024-03-14,1710426815205,2024-03-14T10:33:35.205000-04:00,0.12,10,325,[209]
O:SPY240322P00470000,2024-03-14,1710426357901,2024-03-14T10:25:57.901000-04:00,0.13,1,302,[209]
O:SPY240322P00470000,2024-03-14,1710426357901,2024-03-14T10:25:57.901000-04:00,0.13,49,302,[209]
O:SPY240322P00470000,2024-03-14,1710424308094,2024-03-14T09:51:48.094000-04:00,0.12,5,308,[236]
O:SPY240322P00470000,2024-03-14,1710423975099,2024-03-14T09:46:15.099000-04:00,0.1,1,308,[233]
O:SPY240322P00470000,2024-03-15,1710532095875,2024-03-15T15:48:15.875000-04:00,0.07,2,301,[236]
O:SPY240322P00470000,2024-03-15,1710530471440,2024-03-15T15:21:11.440000-04:00,0.07,1,322,[236]
O:SPY240322P00470000,2024-03-15,1710528391500,2024-03-15T14:46:31.500000-04:00,0.09,5,309,[219]
O:SPY240322P00470000,2024-03-15,1710525529695,2024-03-15T13:58:49.695000-04:00,0.09,5,302,[233]
O:SPY240322P00470000,2024-03-15,1710522851170,2024-03-15T13:14:11.170000-04:00,0.1,27,300,[227]
O:SPY240322P00470000,2024-03-15,1710522278186,2024-03-15T13:04:38.186000-04:00,0.12,1,313,[236]
O:SPY240322P00470000,2024-03-15,1710521709914,2024-03-15T12:55:09.914000-04:00,0.11,1,313,[209]
O:SPY240322P00470000,2024-03-15,1710521019583,2024-03-15T12:43:39.583000-04:00,0.1,2,313,[209]
O:SPY240322P00470000,2024-03-15,1710520432956,2024-03-15T12:33:52.956000-04:00,0.09,2,308,[236]
O:SPY240322P00470000,2024-03-15,1710520417165,2024-03-15T12:33:37.165000-04:00,0.1,2,304,[209]
O:SPY240322P00470000,2024-03-15,1710519616688,2024-03-15T12:20:16.688000-04:00,0.1,1,300,[209]
O:SPY240322P00470000,2024-03-15,1710519584251,2024-03-15T12:19:44.251000-04:00,0.09,1,313,[209]
O:SPY240322P00470000,2024-03-15,1710519357801,2024-03-15T12:15:57.801000-04:00,0.09,25,301,[219]
O:SPY240322P00470000,2024-03-15,1710516136521,2024-03-15T11:22:16.521000-04:00,0.09,2,309,[219]
O:SPY240322P00470000,2024-03-15,1710515304044,2024-03-15T11:08:24.044000-04:00,0.09,5,315,[209]
O:SPY240322P00470000,2024-03-15,1710515304044,2024-03-15T11:08:24.044000-04:00,0.09,5,313,[209]
O:SPY240322P00470000,2024-03-15,1710514630051,2024-03-15T10:57:10.051000-04:00,0.08,1,301,[209]
O:SPY240322P00470000,2024-03-15,1710514331260,2024-03-15T10:52:11.260000-04:00,0.08,1,302,[232]
O:SPY240322P00470000,2024-03-15,1710513923864,2024-03-15T10:45:23.864000-04:00,0.08,1,300,[209]
O:SPY240322P00470000,2024-03-15,1710513821560,2024-03-15T10:43:41.560000-04:00,0.09,11,302,[209]
O:SPY240322P00470000,2024-03-15,1710513821560,2024-03-15T10:43:41.560000-04:00,0.09,11,302,[209]
O:SPY240322P00470000,2024-03-15,1710513402007,2024-03-15T10:36:42.007000-04:00,0.1,5,300,[227]
O:SPY240322P00470000,2024-03-15,1710513117447,2024-03-15T10:31:57.447000-04:00,0.1,3,309,[209]
O:SPY240322P00470000,2024-03-15,1710512620672,2024-03-15T10:23:40.672000-04:00,0.1,96,308,[219]
O:SPY240322P00470000,2024-03-15,1710512620672,2024-03-15T10:23:40.672000-04:00,0.1,300,319,[219]
O:SPY240322P00470000,2024-03-15,1710512620533,2024-03-15T10:23:40.533000-04:00,0.1,463,319,[219]
O:SPY240322P00470000,2024-03-15,1710512620533,2024-03-15T10:23:40.533000-04:00,0.1,141,322,[219]
O:SPY240322P00470000,2024-03-15,1710512249692,2024-03-15T10:17:29.692000-04:00,0.11,1,300,[209]
O:SPY240322P00470000,2024-03-15,1710512103765,2024-03-15T10:15:03.765000-04:00,0.11,3,303,[209]
O:SPY240322P00470000,2024-03-15,1710512103765,2024-03-15T10:15:03.765000-04:00,0.11,1,315,[209]
O:SPY240322P00470000,2024-03-15,1710512103765,2024-03-15T10:15:03.765000-04:00,0.11,3,319,[209]
O:SPY240322P00470000,2024-03-15,1710512103765,2024-03-15T10:15:03.765000-04:00,0.11,1,307,[209]
O:SPY240322P00470000,2024-03-15,1710512103765,2024-03-15T10:15:03.765000-04:00,0.11,3,322,[209]
O:SPY240322P00470000,2024-03-15,1710512103765,2024-03-15T10:15:03.765000-04:00,0.11,1,313,[209]
O:SPY240322P00470000,2024-03-15,1710512103763,2024-03-15T10:15:03.763000-04:00,0.11,2,325,[209]
O:SPY240322P00470000,2024-03-15,1710512058853,2024-03-15T10:14:18.853000-04:00,0.11,1,325,[209]
O:SPY240322P00470000,2024-03-15,1710511879819,2024-03-15T10:11:19.819000-04:00,0.12,1,304,[219]
O:SPY240322P00470000,2024-03-15,1710511657666,2024-03-15T10:07:37.666000-04:00,0.12,1,315,[209]
O:SPY240322P00470000,2024-03-15,1710511657666,2024-03-15T10:07:37.666000-04:00,0.12,2,303,[209]
O:SPY240322P00470000,2024-03-15,1710511657666,2024-03-15T10:07:37.666000-04:00,0.12,2,319,[209]
O:SPY240322P00470000,2024-03-15,1710511657665,2024-03-15T10:07:37.665000-04:00,0.12,1,307,[209]
O:SPY240322P00470000,2024-03-15,1710511657665,2024-03-15T10:07:37.665000-04:00,0.12,1,325,[209]
O:SPY240322P00470000,2024-03-15,1710511657665,2024-03-15T10:07:37.665000-04:00,0.12,1,313,[209]
O:SPY240322P00470000,2024-03-15,1710511657665,2024-03-15T10:07:37.665000-04:00,0.12,2,322,[209]
O:SPY240322P00470000,2024-03-15,1710511205513,2024-03-15T10:00:05.513000-04:00,0.12,1,313,[209]
O:SPY240322P00470000,2024-03-15,1710510949258,2024-03-15T09:55:49.258000-04:00,0.12,1,313,[236]
O:SPY240322P00470000,2024-03-15,1710510882124,2024-03-15T09:54:42.124000-04:00,0.12,2,315,[209]
O:SPY240322P00470000,2024-03-15,1710510368998,2024-03-15T09:46:08.998000-04:00,0.11,25,312,[209]
O:SPY240322P00470000,2024-03-15,1710510208407,2024-03-15T09:43:28.407000-04:00,0.11,3,304,[227]
O:SPY240322P00470000,2024-03-15,1710510208407,2024-03-15T09:43:28.407000-04:00,0.11,19,304,[227]
O:SPY240322P00470000,2024-03-15,1710510208407,2024-03-15T09:43:28.407000-04:00,0.11,8,304,[227]
O:SPY240322P00470000,2024-03-15,1710510208407,2024-03-15T09:43:28.407000-04:00,0.11,20,304,[227]
O:SPY240322P00470000,2024-03-15,1710509900222,2024-03-15T09:38:20.222000-04:00,0.11,7,301,[209]
O:SPY240322P00470000,2024-03-15,1710509900222,2024-03-15T09:38:20.222000-04:00,0.11,8,301,[209]
O:SPY240322P00470000,2024-03-15,1710509600879,2024-03-15T09:33:20.879000-04:00,0.11,2,300,[209]
O:SPY240322P00470000,2024-03-15,1710509600879,2024-03-15T09:33:20.879000-04:00,0.11,6,300,[209]
O:SPY240322P00470000,2024-03-15,1710509600879,2024-03-15T09:33:20.879000-04:00,0.11,2,300,[209]
O:SPY240322P00470000,2024-03-15,1710509597591,2024-03-15T09:33:17.591000-04:00,0.11,6,304,[219]
O:SPY240322P00470000,2024-03-15,1710509597591,2024-03-15T09:33:17.591000-04:00,0.11,3,304,[219]
O:SPY240322P00470000,2024-03-15,1710509597591,2024-03-15T09:33:17.591000-04:00,0.11,6,304,[219]
O:SPY240322P00470000,2024-03-15,1710509590325,2024-03-15T09:33:10.325000-04:00,0.11,16,325,[219]
O:SPY240322P00470000,2024-03-15,1710509405877,2024-03-15T09:30:05.877000-04:00,0.12,5,319,[219]
O:SPY240322P00470000,2024-03-15,1710509401267,2024-03-15T09:30:01.267000-04:00,0.12,8,315,[209]
O:SPY240322P00470000,2024-03-15,1710509401267,2024-03-15T09:30:01.267000-04:00,0.12,2,315,[209]
