option,date,timestamp_ms,datetime_et,price,size,exchange,conditions
O:SPY240315P00470000,2024-03-11,1710186718325,2024-03-11T15:51:58.325000-04:00,0.09,1,308,[232]
O:SPY240315P00470000,2024-03-11,1710186676849,2024-03-11T15:51:16.849000-04:00,0.07,10,300,[227]
O:SPY240315P00470000,2024-03-11,1710186353776,2024-03-11T15:45:53.776000-04:00,0.08,1,320,[209]
O:SPY240315P00470000,2024-03-11,1710185987889,2024-03-11T15:39:47.889000-04:00,0.08,5,309,[219]
O:SPY240315P00470000,2024-03-11,1710185940090,2024-03-11T15:39:00.090000-04:00,0.07,5,313,[236]
O:SPY240315P00470000,2024-03-11,1710185850471,2024-03-11T15:37:30.471000-04:00,0.07,1,301,[209]
O:SPY240315P00470000,2024-03-11,1710185850471,2024-03-11T15:37:30.471000-04:00,0.07,1,304,[209]
O:SPY240315P00470000,2024-03-11,1710185850471,2024-03-11T15:37:30.471000-04:00,0.07,5,304,[209]
O:SPY240315P00470000,2024-03-11,1710185850471,2024-03-11T15:37:30.471000-04:00,0.07,4,304,[209]
O:SPY240315P00470000,2024-03-11,1710185850471,2024-03-11T15:37:30.471000-04:00,0.07,5,313,[209]
O:SPY240315P00470000,2024-03-11,1710185368592,2024-03-11T15:29:28.592000-04:00,0.08,1,308,[233]
O:SPY240315P00470000,2024-03-11,1710185356368,2024-03-11T15:29:16.368000-04:00,0.08,1,312,[233]
O:SPY240315P00470000,2024-03-11,1710184942841,2024-03-11T15:22:22.841000-04:00,0.08,1,313,[219]
O:SPY240315P00470000,2024-03-11,1710184926788,2024-03-11T15:22:06.788000-04:00,0.08,1,308,[233]
O:SPY240315P00470000,2024-03-11,1710184926522,2024-03-11T15:22:06.522000-04:00,0.07,1,304,[233]
O:SPY240315P00470000,2024-03-11,1710183755295,2024-03-11T15:02:35.295000-04:00,0.07,5,302,[233]
O:SPY240315P00470000,2024-03-11,1710183045385,2024-03-11T14:50:45.385000-04:00,0.06,1,320,[209]
O:SPY240315P00470000,2024-03-11,1710182437646,2024-03-11T14:40:37.646000-04:00,0.07,2,301,[219]
O:SPY240315P00470000,2024-03-11,1710182185388,2024-03-11T14:36:25.388000-04:00,0.07,1,313,[209]
O:SPY240315P00470000,2024-03-11,1710182011929,2024-03-11T14:33:31.929000-04:00,0.07,5,308,[236]
O:SPY240315P00470000,2024-03-11,1710181703413,2024-03-11T14:28:23.413000-04:00,0.07,10,315,[209]
O:SPY240315P00470000,2024-03-11,1710181497164,2024-03-11T14:24:57.164000-04:00,0.07,15,315,[209]
O:SPY240315P00470000,2024-03-11,1710181497164,2024-03-11T14:24:57.164000-04:00,0.07,10,325,[209]
O:SPY240315P00470000,2024-03-11,1710181464377,2024-03-11T14:24:24.377000-04:00,0.07,30,315,[209]
O:SPY240315P00470000,2024-03-11,1710181185323,2024-03-11T14:19:45.323000-04:00,0.07,1,308,[236]
O:SPY240315P00470000,2024-03-11,1710181116997,2024-03-11T14:18:36.997000-04:00,0.07,1,300,[227]
O:SPY240315P00470000,2024-03-11,1710180965357,2024-03-11T14:16:05.357000-04:00,0.07,800,323,[233]
O:SPY240315P00470000,2024-03-11,1710180916230,2024-03-11T14:15:16.230000-04:00,0.07,1,302,[233]
O:SPY240315P00470000,2024-03-11,1710178981148,2024-03-11T13:43:01.148000-04:00,0.07,1,304,[209]
O:SPY240315P00470000,2024-03-11,1710178491706,2024-03-11T13:34:51.706000-04:00,0.07,5,312,[236]
O:SPY240315P00470000,2024-03-11,1710178491705,2024-03-11T13:34:51.705000-04:00,0.07,4,304,[209]
O:SPY240315P00470000,2024-03-11,1710178491705,2024-03-11T13:34:51.705000-04:00,0.07,6,304,[209]
O:SPY240315P00470000,2024-03-11,1710177582996,2024-03-11T13:19:42.996000-04:00,0.08,3,304,[209]
O:SPY240315P00470000,2024-03-11,1710177452865,2024-03-11T13:17:32.865000-04:00,0.07,4,300,[209]
O:SPY240315P00470000,2024-03-11,1710177452865,2024-03-11T13:17:32.865000-04:00,0.07,6,300,[209]
O:SPY240315P00470000,2024-03-11,1710177178940,2024-03-11T13:12:58.940000-04:00,0.07,20,302,[233]
O:SPY240315P00470000,2024-03-11,1710176263001,2024-03-11T12:57:43.001000-04:00,0.09,2,302,[233]
O:SPY240315P00470000,2024-03-11,1710176263001,2024-03-11T12:57:43.001000-04:00,0.09,1,302,[233]
O:SPY240315P00470000,2024-03-11,1710175790559,2024-03-11T12:49:50.559000-04:00,0.08,1,308,[227]
O:SPY240315P00470000,2024-03-11,1710175574679,2024-03-11T12:46:14.679000-04:00,0.08,1,303,[236]
O:SPY240315P00470000,2024-03-11,1710174473862,2024-03-11T12:27:53.862000-04:00,0.09,1,300,[236]
O:SPY240315P00470000,2024-03-11,1710173499201,2024-03-11T12:11:39.201000-04:00,0.09,6,302,[232]
O:SPY240315P00470000,2024-03-11,1710173441842,2024-03-11T12:10:41.842000-04:00,0.09,6,302,[233]
O:SPY240315P00470000,2024-03-11,1710173419039,2024-03-11T12:10:19.039000-04:00,0.08,10,302,[233]
O:SPY240315P00470000,2024-03-11,1710173371621,2024-03-11T12:09:31.621000-04:00,0.08,15,309,[209]
O:SPY240315P00470000,2024-03-11,1710172897909,2024-03-11T12:01:37.909000-04:00,0.09,5,322,[232]
O:SPY240315P00470000,2024-03-11,1710172888500,2024-03-11T12:01:28.500000-04:00,0.08,40,301,[209]
O:SPY240315P00470000,2024-03-11,1710172354778,2024-03-11T11:52:34.778000-04:00,0.09,1,304,[227]
O:SPY240315P00470000,2024-03-11,1710171983770,2024-03-11T11:46:23.770000-04:00,0.08,20,302,[233]
O:SPY240315P00470000,2024-03-11,1710171949523,2024-03-11T11:45:49.523000-04:00,0.09,1,304,[219]
O:SPY240315P00470000,2024-03-11,1710171649983,2024-03-11T11:40:49.983000-04:00,0.08,1,300,[209]
O:SPY240315P00470000,2024-03-11,1710171284998,2024-03-11T11:34:44.998000-04:00,0.09,5,301,[219]
O:SPY240315P00470000,2024-03-11,1710170847017,2024-03-11T11:27:27.017000-04:00,0.09,1,301,[209]
O:SPY240315P00470000,2024-03-11,1710170641563,2024-03-11T11:24:01.563000-04:00,0.1,1,303,[236]
O:SPY240315P00470000,2024-03-11,1710170120073,2024-03-11T11:15:20.073000-04:00,0.09,1,309,[219]
O:SPY240315P00470000,2024-03-11,1710169987420,2024-03-11T11:13:07.420000-04:00,0.09,50,301,[209]
O:SPY240315P00470000,2024-03-11,1710169915863,2024-03-11T11:11:55.863000-04:00,0.09,8,313,[209]
O:SPY240315P00470000,2024-03-11,1710169862834,2024-03-11T11:11:02.834000-04:00,0.08,1,300,[209]
O:SPY240315P00470000,2024-03-11,1710169735371,2024-03-11T11:08:55.371000-04:00,0.09,100,319,[209]
O:SPY240315P00470000,2024-03-11,1710169674361,2024-03-11T11:07:54.361000-04:00,0.08,2,300,[209]
O:SPY240315P00470000,2024-03-11,1710168830814,2024-03-11T10:53:50.814000-04:00,0.1,1,301,[219]
O:SPY240315P00470000,2024-03-11,1710168544355,2024-03-11T10:49:04.355000-04:00,0.1,5,319,[209]
O:SPY240315P00470000,2024-03-11,1710168544355,2024-03-11T10:49:04.355000-04:00,0.1,2,301,[209]
O:SPY240315P00470000,2024-03-11,1710168544355,2024-03-11T10:49:04.355000-04:00,0.1,3,301,[209]
O:SPY240315P00470000,2024-03-11,1710168492258,2024-03-11T10:48:12.258000-04:00,0.1,5,301,[219]
O:SPY240315P00470000,2024-03-11,1710168466223,2024-03-11T10:47:46.223000-04:00,0.1,1,316,[209]
O:SPY240315P00470000,2024-03-11,1710168466222,2024-03-11T10:47:46.222000-04:00,0.1,1,313,[209]
O:SPY240315P00470000,2024-03-11,1710168466222,2024-03-11T10:47:46.222000-04:00,0.1,1,320,[209]
O:SPY240315P00470000,2024-03-11,1710168388750,2024-03-11T10:46:28.750000-04:00,0.1,20,325,[209]
O:SPY240315P00470000,2024-03-11,1710168326746,2024-03-11T10:45:26.746000-04:00,0.1,20,319,[209]
O:SPY240315P00470000,2024-03-11,1710168259543,2024-03-11T10:44:19.543000-04:00,0.1,20,325,[209]
O:SPY240315P00470000,2024-03-11,1710168201309,2024-03-11T10:43:21.309000-04:00,0.1,12,315,[219]
O:SPY240315P00470000,2024-03-11,1710168201309,2024-03-11T10:43:21.309000-04:00,0.1,1,303,[219]
O:SPY240315P00470000,2024-03-11,1710168201049,2024-03-11T10:43:21.049000-04:00,0.1,4,315,[219]
O:SPY240315P00470000,2024-03-11,1710168200897,2024-03-11T10:43:20.897000-04:00,0.1,1,303,[219]
O:SPY240315P00470000,2024-03-11,1710168200897,2024-03-11T10:43:20.897000-04:00,0.1,1,303,[219]
O:SPY240315P00470000,2024-03-11,1710168200897,2024-03-11T10:43:20.897000-04:00,0.1,1,303,[219]
O:SPY240315P00470000,2024-03-11,1710168127752,2024-03-11T10:42:07.752000-04:00,0.1,8,322,[219]
O:SPY240315P00470000,2024-03-11,1710168127472,2024-03-11T10:42:07.472000-04:00,0.1,4,315,[219]
O:SPY240315P00470000,2024-03-11,1710168127193,2024-03-11T10:42:07.193000-04:00,0.1,4,315,[219]
O:SPY240315P00470000,2024-03-11,1710168126775,2024-03-11T10:42:06.775000-04:00,0.1,3,315,[219]
O:SPY240315P00470000,2024-03-11,1710168126775,2024-03-11T10:42:06.775000-04:00,0.1,1,322,[219]
O:SPY240315P00470000,2024-03-11,1710168064965,2024-03-11T10:41:04.965000-04:00,0.1,20,319,[209]
O:SPY240315P00470000,2024-03-11,1710167981249,2024-03-11T10:39:41.249000-04:00,0.1,20,301,[209]
O:SPY240315P00470000,2024-03-11,1710167915619,2024-03-11T10:38:35.619000-04:00,0.11,5,320,[209]
O:SPY240315P00470000,2024-03-11,1710167876806,2024-03-11T10:37:56.806000-04:00,0.1,10,325,[209]
O:SPY240315P00470000,2024-03-11,1710167876806,2024-03-11T10:37:56.806000-04:00,0.1,10,319,[209]
O:SPY240315P00470000,2024-03-11,1710167570116,2024-03-11T10:32:50.116000-04:00,0.1,1,319,[209]
O:SPY240315P00470000,2024-03-11,1710167570113,2024-03-11T10:32:50.113000-04:00,0.1,1,303,[209]
O:SPY240315P00470000,2024-03-11,1710167568098,2024-03-11T10:32:48.098000-04:00,0.1,1,319,[209]
O:SPY240315P00470000,2024-03-11,1710167566481,2024-03-11T10:32:46.481000-04:00,0.1,1,322,[219]
O:SPY240315P00470000,2024-03-11,1710167566085,2024-03-11T10:32:46.085000-04:00,0.1,1,319,[209]
O:SPY240315P00470000,2024-03-11,1710167501637,2024-03-11T10:31:41.637000-04:00,0.1,2,319,[209]
O:SPY240315P00470000,2024-03-11,1710167318524,2024-03-11T10:28:38.524000-04:00,0.1,1,300,[209]
O:SPY240315P00470000,2024-03-11,1710167145018,2024-03-11T10:25:45.018000-04:00,0.1,1,313,[209]
O:SPY240315P00470000,2024-03-11,1710167029019,2024-03-11T10:23:49.019000-04:00,0.1,100,325,[209]
O:SPY240315P00470000,2024-03-11,1710167007600,2024-03-11T10:23:27.600000-04:00,0.1,20,308,[227]
O:SPY240315P00470000,2024-03-11,1710166529534,2024-03-11T10:15:29.534000-04:00,0.1,9,304,[227]
O:SPY240315P00470000,2024-03-11,1710166529433,2024-03-11T10:15:29.433000-04:00,0.09,1,301,[209]
O:SPY240315P00470000,2024-03-11,1710166529433,2024-03-11T10:15:29.433000-04:00,0.09,5,304,[209]
O:SPY240315P00470000,2024-03-11,1710166529433,2024-03-11T10:15:29.433000-04:00,0.09,5,313,[209]
O:SPY240315P00470000,2024-03-11,1710166414920,2024-03-11T10:13:34.920000-04:00,0.09,60,301,[209]
O:SPY240315P00470000,2024-03-11,1710166414920,2024-03-11T10:13:34.920000-04:00,0.09,75,301,[209]
O:SPY240315P00470000,2024-03-11,1710166414920,2024-03-11T10:13:34.920000-04:00,0.09,15,301,[209]
O:SPY240315P00470000,2024-03-11,1710166296227,2024-03-11T10:11:36.227000-04:00,0.09,15,302,[233]
O:SPY240315P00470000,2024-03-11,1710166296227,2024-03-11T10:11:36.227000-04:00,0.09,15,302,[233]
O:SPY240315P00470000,2024-03-11,1710166150058,2024-03-11T10:09:10.058000-04:00,0.09,1,312,[219]
O:SPY240315P00470000,2024-03-11,1710166150058,2024-03-11T10:09:10.058000-04:00,0.09,1,312,[219]
O:SPY240315P00470000,2024-03-11,1710166150058,2024-03-11T10:09:10.058000-04:00,0.09,1,312,[219]
O:SPY240315P00470000,2024-03-11,1710166150058,2024-03-11T10:09:10.058000-04:00,0.09,3,312,[219]
O:SPY240315P00470000,2024-03-11,1710166132311,2024-03-11T10:08:52.311000-04:00,0.09,1,304,[209]
O:SPY240315P00470000,2024-03-11,1710166132311,2024-03-11T10:08:52.311000-04:00,0.09,1,304,[209]
O:SPY240315P00470000,2024-03-11,1710166132311,2024-03-11T10:08:52.311000-04:00,0.09,1,304,[209]
O:SPY240315P00470000,2024-03-11,1710166132311,2024-03-11T10:08:52.311000-04:00,0.09,2,304,[209]
O:SPY240315P00470000,2024-03-11,1710166132311,2024-03-11T10:08:52.311000-04:00,0.09,4,304,[209]
O:SPY240315P00470000,2024-03-11,1710166132311,2024-03-11T10:08:52.311000-04:00,0.09,6,304,[209]
O:SPY240315P00470000,2024-03-11,1710166116272,2024-03-11T10:08:36.272000-04:00,0.09,10,302,[233]
O:SPY240315P00470000,2024-03-11,1710166030314,2024-03-11T10:07:10.314000-04:00,0.1,1,304,[236]
O:SPY240315P00470000,2024-03-11,1710165816420,2024-03-11T10:03:36.420000-04:00,0.1,10,302,[233]
O:SPY240315P00470000,2024-03-11,1710165477870,2024-03-11T09:57:57.870000-04:00,0.09,1,309,[209]
O:SPY240315P00470000,2024-03-11,1710165366407,2024-03-11T09:56:06.407000-04:00,0.09,2,302,[233]
O:SPY240315P00470000,2024-03-11,1710164911568,2024-03-11T09:48:31.568000-04:00,0.09,2,302,[232]
O:SPY240315P00470000,2024-03-11,1710164827260,2024-03-11T09:47:07.260000-04:00,0.1,1,300,[209]
O:SPY240315P00470000,2024-03-11,1710164761990,2024-03-11T09:46:01.990000-04:00,0.09,3,309,[209]
O:SPY240315P00470000,2024-03-11,1710164447383,2024-03-11T09:40:47.383000-04:00,0.09,160,300,[209]
O:SPY240315P00470000,2024-03-11,1710164377997,2024-03-11T09:39:37.997000-04:00,0.1,3,304,[219]
O:SPY240315P00470000,2024-03-11,1710164339139,2024-03-11T09:38:59.139000-04:00,0.09,1,304,[209]
O:SPY240315P00470000,2024-03-11,1710164168967,2024-03-11T09:36:08.967000-04:00,0.09,2,308,[236]
O:SPY240315P00470000,2024-03-11,1710164134313,2024-03-11T09:35:34.313000-04:00,0.1,1,301,[219]
O:SPY240315P00470000,2024-03-12,1710273326979,2024-03-12T15:55:26.979000-04:00,0.05,1,301,[209]
O:SPY240315P00470000,2024-03-12,1710273163916,2024-03-12T15:52:43.916000-04:00,0.05,1,313,[209]
O:SPY240315P00470000,2024-03-12,1710273066599,2024-03-12T15:51:06.599000-04:00,0.04,1,302,[233]
O:SPY240315P00470000,2024-03-12,1710272750010,2024-03-12T15:45:50.010000-04:00,0.04,10,302,[233]
O:SPY240315P00470000,2024-03-12,1710272672208,2024-03-12T15:44:32.208000-04:00,0.04,1,308,[232]
O:SPY240315P00470000,2024-03-12,1710272507247,2024-03-12T15:41:47.247000-04:00,0.04,5,300,[227]
O:SPY240315P00470000,2024-03-12,1710272313973,2024-03-12T15:38:33.973000-04:00,0.04,5,312,[219]
O:SPY240315P00470000,2024-03-12,1710271514237,2024-03-12T15:25:14.237000-04:00,0.04,1,300,[209]
O:SPY240315P00470000,2024-03-12,1710271298918,2024-03-12T15:21:38.918000-04:00,0.04,10,312,[236]
O:SPY240315P00470000,2024-03-12,1710270692101,2024-03-12T15:11:32.101000-04:00,0.05,60,308,[236]
O:SPY240315P00470000,2024-03-12,1710270674117,2024-03-12T15:11:14.117000-04:00,0.04,4,300,[209]
O:SPY240315P00470000,2024-03-12,1710270481795,2024-03-12T15:08:01.795000-04:00,0.04,1,304,[209]
O:SPY240315P00470000,2024-03-12,1710269457105,2024-03-12T14:50:57.105000-04:00,0.05,4,301,[236]
O:SPY240315P00470000,2024-03-12,1710268749750,2024-03-12T14:39:09.750000-04:00,0.04,42,300,[209]
O:SPY240315P00470000,2024-03-12,1710268749750,2024-03-12T14:39:09.750000-04:00,0.04,13,300,[209]
O:SPY240315P00470000,2024-03-12,1710268749750,2024-03-12T14:39:09.750000-04:00,0.04,5,300,[209]
O:SPY240315P00470000,2024-03-12,1710268545853,2024-03-12T14:35:45.853000-04:00,0.05,1,312,[236]
O:SPY240315P00470000,2024-03-12,1710266887309,2024-03-12T14:08:07.309000-04:00,0.04,1,309,[209]
O:SPY240315P00470000,2024-03-12,1710266779231,2024-03-12T14:06:19.231000-04:00,0.04,1,308,[236]
O:SPY240315P00470000,2024-03-12,1710265985949,2024-03-12T13:53:05.949000-04:00,0.04,1,308,[233]
O:SPY240315P00470000,2024-03-12,1710264972527,2024-03-12T13:36:12.527000-04:00,0.04,1,308,[236]
O:SPY240315P00470000,2024-03-12,1710264561735,2024-03-12T13:29:21.735000-04:00,0.04,1,308,[236]
O:SPY240315P00470000,2024-03-12,1710262735174,2024-03-12T12:58:55.174000-04:00,0.04,1,304,[209]
O:SPY240315P00470000,2024-03-12,1710260889944,2024-03-12T12:28:09.944000-04:00,0.04,5,300,[209]
O:SPY240315P00470000,2024-03-12,1710260607620,2024-03-12T12:23:27.620000-04:00,0.04,24,313,[209]
O:SPY240315P00470000,2024-03-12,1710260607620,2024-03-12T12:23:27.620000-04:00,0.04,1,313,[209]
O:SPY240315P00470000,2024-03-12,1710259310543,2024-03-12T12:01:50.543000-04:00,0.04,1,308,[227]
O:SPY240315P00470000,2024-03-12,1710258795498,2024-03-12T11:53:15.498000-04:00,0.04,95,315,[209]
O:SPY240315P00470000,2024-03-12,1710258795498,2024-03-12T11:53:15.498000-04:00,0.04,5,313,[209]
O:SPY240315P00470000,2024-03-12,1710258651918,2024-03-12T11:50:51.918000-04:00,0.05,1,304,[209]
O:SPY240315P00470000,2024-03-12,1710258635702,2024-03-12T11:50:35.702000-04:00,0.04,8,301,[219]
O:SPY240315P00470000,2024-03-12,1710258586017,2024-03-12T11:49:46.017000-04:00,0.05,2,304,[209]
O:SPY240315P00470000,2024-03-12,1710258574019,2024-03-12T11:49:34.019000-04:00,0.05,1,304,[209]
O:SPY240315P00470000,2024-03-12,1710258562731,2024-03-12T11:49:22.731000-04:00,0.05,1,300,[209]
O:SPY240315P00470000,2024-03-12,1710258273811,2024-03-12T11:44:33.811000-04:00,0.04,1,320,[209]
O:SPY240315P00470000,2024-03-12,1710258223884,2024-03-12T11:43:43.884000-04:00,0.05,1,302,[227]
O:SPY240315P00470000,2024-03-12,1710258211391,2024-03-12T11:43:31.391000-04:00,0.05,1,300,[227]
O:SPY240315P00470000,2024-03-12,1710257691071,2024-03-12T11:34:51.071000-04:00,0.05,10,300,[227]
O:SPY240315P00470000,2024-03-12,1710257585288,2024-03-12T11:33:05.288000-04:00,0.05,1,308,[232]
O:SPY240315P00470000,2024-03-12,1710257370688,2024-03-12T11:29:30.688000-04:00,0.05,1,300,[209]
O:SPY240315P00470000,2024-03-12,1710257243078,2024-03-12T11:27:23.078000-04:00,0.05,20,300,[227]
O:SPY240315P00470000,2024-03-12,1710257129549,2024-03-12T11:25:29.549000-04:00,0.04,2,313,[209]
O:SPY240315P00470000,2024-03-12,1710257003464,2024-03-12T11:23:23.464000-04:00,0.04,2,303,[236]
O:SPY240315P00470000,2024-03-12,1710256633056,2024-03-12T11:17:13.056000-04:00,0.04,4,308,[227]
O:SPY240315P00470000,2024-03-12,1710255496372,2024-03-12T10:58:16.372000-04:00,0.03,2,300,[209]
O:SPY240315P00470000,2024-03-12,1710255048007,2024-03-12T10:50:48.007000-04:00,0.04,1,315,[209]
O:SPY240315P00470000,2024-03-12,1710254730035,2024-03-12T10:45:30.035000-04:00,0.03,1,304,[209]
O:SPY240315P00470000,2024-03-12,1710254730034,2024-03-12T10:45:30.034000-04:00,0.03,1,300,[209]
O:SPY240315P00470000,2024-03-12,1710253653004,2024-03-12T10:27:33.004000-04:00,0.04,1,301,[219]
O:SPY240315P00470000,2024-03-12,1710253323075,2024-03-12T10:22:03.075000-04:00,0.04,1,301,[219]
O:SPY240315P00470000,2024-03-12,1710253126923,2024-03-12T10:18:46.923000-04:00,0.04,1,313,[209]
O:SPY240315P00470000,2024-03-12,1710253121811,2024-03-12T10:18:41.811000-04:00,0.05,1,313,[236]
O:SPY240315P00470000,2024-03-12,1710252621489,2024-03-12T10:10:21.489000-04:00,0.04,1,309,[209]
O:SPY240315P00470000,2024-03-12,1710252614302,2024-03-12T10:10:14.302000-04:00,0.04,1,309,[209]
O:SPY240315P00470000,2024-03-12,1710252182837,2024-03-12T10:03:02.837000-04:00,0.05,10,312,[232]
O:SPY240315P00470000,2024-03-12,1710251940208,2024-03-12T09:59:00.208000-04:00,0.05,2,304,[227]
O:SPY240315P00470000,2024-03-12,1710251861216,2024-03-12T09:57:41.216000-04:00,0.04,1,309,[209]
O:SPY240315P00470000,2024-03-12,1710251020105,2024-03-12T09:43:40.105000-04:00,0.05,1,304,[227]
O:SPY240315P00470000,2024-03-12,1710250994373,2024-03-12T09:43:14.373000-04:00,0.05,1,304,[236]
O:SPY240315P00470000,2024-03-12,1710250891126,2024-03-12T09:41:31.126000-04:00,0.05,18,304,[236]
O:SPY240315P00470000,2024-03-12,1710250867276,2024-03-12T09:41:07.276000-04:00,0.04,1,312,[219]
O:SPY240315P00470000,2024-03-12,1710250867276,2024-03-12T09:41:07.276000-04:00,0.04,4,312,[219]
O:SPY240315P00470000,2024-03-12,1710250703784,2024-03-12T09:38:23.784000-04:00,0.05,4,308,[236]
O:SPY240315P00470000,2024-03-12,1710250697599,2024-03-12T09:38:17.599000-04:00,0.05,10,319,[209]
O:SPY240315P00470000,2024-03-12,1710250554937,2024-03-12T09:35:54.937000-04:00,0.05,2,301,[236]
O:SPY240315P00470000,2024-03-12,1710250262185,2024-03-12T09:31:02.185000-04:00,0.05,9,308,[236]
O:SPY240315P00470000,2024-03-12,1710250209131,2024-03-12T09:30:09.131000-04:00,0.05,2,323,[232]
O:SPY240315P00470000,2024-03-12,1710250208198,2024-03-12T09:30:08.198000-04:00,0.05,2,304,[209]
O:SPY240315P00470000,2024-03-12,1710250200594,2024-03-12T09:30:00.594000-04:00,0.05,4,323,[209]
O:SPY240315P00470000,2024-03-12,1710250200380,2024-03-12T09:30:00.380000-04:00,0.05,8,309,[219]
O:SPY240315P00470000,2024-03-12,1710250200378,2024-03-12T09:30:00.378000-04:00,0.05,18,309,[219]
O:SPY240315P00470000,2024-03-12,1710250200376,2024-03-12T09:30:00.376000-04:00,0.05,12,309,[219]
O:SPY240315P00470000,2024-03-13,1710359990850,2024-03-13T15:59:50.850000-04:00,0.03,3,302,[233]
O:SPY240315P00470000,2024-03-13,1710359964536,2024-03-13T15:59:24.536000-04:00,0.03,1,302,[233]
O:SPY240315P00470000,2024-03-13,1710359964379,2024-03-13T15:59:24.379000-04:00,0.03,1,304,[233]
O:SPY240315P00470000,2024-03-13,1710359964378,2024-03-13T15:59:24.378000-04:00,0.03,1,302,[233]
O:SPY240315P00470000,2024-03-13,1710359869969,2024-03-13T15:57:49.969000-04:00,0.03,10,309,[209]
O:SPY240315P00470000,2024-03-13,1710359187595,2024-03-13T15:46:27.595000-04:00,0.03,5,308,[232]
O:SPY240315P00470000,2024-03-13,1710358244825,2024-03-13T15:30:44.825000-04:00,0.04,1,308,[232]
O:SPY240315P00470000,2024-03-13,1710357982167,2024-03-13T15:26:22.167000-04:00,0.03,2,300,[209]
O:SPY240315P00470000,2024-03-13,1710357824329,2024-03-13T15:23:44.329000-04:00,0.03,1,300,[209]
O:SPY240315P00470000,2024-03-13,1710356293086,2024-03-13T14:58:13.086000-04:00,0.04,1,313,[236]
O:SPY240315P00470000,2024-03-13,1710355547748,2024-03-13T14:45:47.748000-04:00,0.03,5,300,[209]
O:SPY240315P00470000,2024-03-13,1710355231600,2024-03-13T14:40:31.600000-04:00,0.03,1,300,[209]
O:SPY240315P00470000,2024-03-13,1710355231600,2024-03-13T14:40:31.600000-04:00,0.03,7,300,[209]
O:SPY240315P00470000,2024-03-13,1710355231600,2024-03-13T14:40:31.600000-04:00,0.03,4,300,[209]
O:SPY240315P00470000,2024-03-13,1710353971206,2024-03-13T14:19:31.206000-04:00,0.04,2,304,[209]
O:SPY240315P00470000,2024-03-13,1710352437806,2024-03-13T13:53:57.806000-04:00,0.03,1,308,[232]
O:SPY240315P00470000,2024-03-13,1710352123649,2024-03-13T13:48:43.649000-04:00,0.04,2,304,[227]
O:SPY240315P00470000,2024-03-13,1710351929714,2024-03-13T13:45:29.714000-04:00,0.03,1,308,[236]
O:SPY240315P00470000,2024-03-13,1710350902174,2024-03-13T13:28:22.174000-04:00,0.04,3,301,[232]
O:SPY240315P00470000,2024-03-13,1710350494291,2024-03-13T13:21:34.291000-04:00,0.03,1,300,[219]
O:SPY240315P00470000,2024-03-13,1710349829297,2024-03-13T13:10:29.297000-04:00,0.04,7,308,[232]
O:SPY240315P00470000,2024-03-13,1710348816415,2024-03-13T12:53:36.415000-04:00,0.03,1,304,[209]
O:SPY240315P00470000,2024-03-13,1710348576217,2024-03-13T12:49:36.217000-04:00,0.03,3,302,[233]
O:SPY240315P00470000,2024-03-13,1710347881404,2024-03-13T12:38:01.404000-04:00,0.03,1,308,[236]
O:SPY240315P00470000,2024-03-13,1710346353141,2024-03-13T12:12:33.141000-04:00,0.03,2,301,[209]
O:SPY240315P00470000,2024-03-13,1710346353141,2024-03-13T12:12:33.141000-04:00,0.03,3,301,[209]
O:SPY240315P00470000,2024-03-13,1710345153813,2024-03-13T11:52:33.813000-04:00,0.04,20,304,[227]
O:SPY240315P00470000,2024-03-13,1710343757129,2024-03-13T11:29:17.129000-04:00,0.03,12,303,[236]
O:SPY240315P00470000,2024-03-13,1710343748538,2024-03-13T11:29:08.538000-04:00,0.03,3,303,[236]
O:SPY240315P00470000,2024-03-13,1710343025646,2024-03-13T11:17:05.646000-04:00,0.04,2,300,[209]
O:SPY240315P00470000,2024-03-13,1710341041477,2024-03-13T10:44:01.477000-04:00,0.03,10,304,[209]
O:SPY240315P00470000,2024-03-13,1710341041477,2024-03-13T10:44:01.477000-04:00,0.03,15,304,[209]
O:SPY240315P00470000,2024-03-13,1710340551404,2024-03-13T10:35:51.404000-04:00,0.03,5,300,[209]
O:SPY240315P00470000,2024-03-13,1710338760697,2024-03-13T10:06:00.697000-04:00,0.03,2,300,[209]
O:SPY240315P00470000,2024-03-13,1710338480458,2024-03-13T10:01:20.458000-04:00,0.03,1,308,[232]
O:SPY240315P00470000,2024-03-13,1710338160549,2024-03-13T09:56:00.549000-04:00,0.04,1,309,[209]
O:SPY240315P00470000,2024-03-13,1710337208253,2024-03-13T09:40:08.253000-04:00,0.03,6,300,[209]
O:SPY240315P00470000,2024-03-13,1710337208253,2024-03-13T09:40:08.253000-04:00,0.03,4,300,[209]
O:SPY240315P00470000,2024-03-13,1710337088129,2024-03-13T09:38:08.129000-04:00,0.03,4,304,[209]
O:SPY240315P00470000,2024-03-13,1710336601322,2024-03-13T09:30:01.322000-04:00,0.03,11,325,[209]
O:SPY240315P00470000,2024-03-13,1710336601322,2024-03-13T09:30:01.322000-04:00,0.03,24,325,[209]
O:SPY240315P00470000,2024-03-13,1710336601233,2024-03-13T09:30:01.233000-04:00,0.03,1,308,[236]
O:SPY240315P00470000,2024-03-14,1710446383687,2024-03-14T15:59:43.687000-04:00,0.03,8,301,[236]
O:SPY240315P00470000,2024-03-14,1710446383687,2024-03-14T15:59:43.687000-04:00,0.03,6,301,[236]
O:SPY240315P00470000,2024-03-14,1710446150282,2024-03-14T15:55:50.282000-04:00,0.03,60,302,[233]
O:SPY240315P00470000,2024-03-14,1710446119155,2024-03-14T15:55:19.155000-04:00,0.02,8,300,[209]
O:SPY240315P00470000,2024-03-14,1710446119155,2024-03-14T15:55:19.155000-04:00,0.02,4,300,[209]
O:SPY240315P00470000,2024-03-14,1710446119155,2024-03-14T15:55:19.155000-04:00,0.02,38,300,[209]
O:SPY240315P00470000,2024-03-14,1710445904404,2024-03-14T15:51:44.404000-04:00,0.04,2,304,[232]
O:SPY240315P00470000,2024-03-14,1710445904404,2024-03-14T15:51:44.404000-04:00,0.04,1,304,[236]
O:SPY240315P00470000,2024-03-14,1710445885391,2024-03-14T15:51:25.391000-04:00,0.04,2,325,[209]
O:SPY240315P00470000,2024-03-14,1710445885247,2024-03-14T15:51:25.247000-04:00,0.04,3,325,[209]
O:SPY240315P00470000,2024-03-14,1710445885054,2024-03-14T15:51:25.054000-04:00,0.04,3,325,[209]
O:SPY240315P00470000,2024-03-14,1710445884894,2024-03-14T15:51:24.894000-04:00,0.04,3,325,[209]
O:SPY240315P00470000,2024-03-14,1710445883758,2024-03-14T15:51:23.758000-04:00,0.04,3,325,[219]
O:SPY240315P00470000,2024-03-14,1710445883650,2024-03-14T15:51:23.650000-04:00,0.04,3,325,[219]
O:SPY240315P00470000,2024-03-14,1710445883492,2024-03-14T15:51:23.492000-04:00,0.04,3,325,[219]
O:SPY240315P00470000,2024-03-14,1710445883328,2024-03-14T15:51:23.328000-04:00,0.04,3,325,[209]
O:SPY240315P00470000,2024-03-14,1710445882176,2024-03-14T15:51:22.176000-04:00,0.04,1,325,[219]
O:SPY240315P00470000,2024-03-14,1710445872814,2024-03-14T15:51:12.814000-04:00,0.04,2,325,[209]
O:SPY240315P00470000,2024-03-14,1710445872114,2024-03-14T15:51:12.114000-04:00,0.04,2,325,[219]
O:SPY240315P00470000,2024-03-14,1710445800431,2024-03-14T15:50:00.431000-04:00,0.04,1,325,[209]
O:SPY240315P00470000,2024-03-14,1710445740131,2024-03-14T15:49:00.131000-04:00,0.04,1,313,[236]
O:SPY240315P00470000,2024-03-14,1710445622740,2024-03-14T15:47:02.740000-04:00,0.04,3,304,[232]
O:SPY240315P00470000,2024-03-14,1710445622735,2024-03-14T15:47:02.735000-04:00,0.04,1,313,[232]
O:SPY240315P00470000,2024-03-14,1710445622735,2024-03-14T15:47:02.735000-04:00,0.04,2,303,[232]
O:SPY240315P00470000,2024-03-14,1710445622735,2024-03-14T15:47:02.735000-04:00,0.04,1,308,[232]
O:SPY240315P00470000,2024-03-14,1710445622735,2024-03-14T15:47:02.735000-04:00,0.04,2,322,[232]
O:SPY240315P00470000,2024-03-14,1710445622614,2024-03-14T15:47:02.614000-04:00,0.03,1,323,[232]
O:SPY240315P00470000,2024-03-14,1710445405404,2024-03-14T15:43:25.404000-04:00,0.05,1,304,[227]
O:SPY240315P00470000,2024-03-14,1710445347303,2024-03-14T15:42:27.303000-04:00,0.04,1,312,[236]
O:SPY240315P00470000,2024-03-14,1710445265075,2024-03-14T15:41:05.075000-04:00,0.05,30,304,[233]
O:SPY240315P00470000,2024-03-14,1710445065647,2024-03-14T15:37:45.647000-04:00,0.05,1,319,[209]
O:SPY240315P00470000,2024-03-14,1710445065647,2024-03-14T15:37:45.647000-04:00,0.05,1,301,[209]
O:SPY240315P00470000,2024-03-14,1710445065646,2024-03-14T15:37:45.646000-04:00,0.05,5,304,[209]
O:SPY240315P00470000,2024-03-14,1710445063227,2024-03-14T15:37:43.227000-04:00,0.05,4,300,[209]
O:SPY240315P00470000,2024-03-14,1710445063227,2024-03-14T15:37:43.227000-04:00,0.05,15,300,[209]
O:SPY240315P00470000,2024-03-14,1710445063227,2024-03-14T15:37:43.227000-04:00,0.05,1,300,[209]
O:SPY240315P00470000,2024-03-14,1710445038197,2024-03-14T15:37:18.197000-04:00,0.05,5,300,[209]
O:SPY240315P00470000,2024-03-14,1710444876482,2024-03-14T15:34:36.482000-04:00,0.05,1,312,[232]
O:SPY240315P00470000,2024-03-14,1710444865896,2024-03-14T15:34:25.896000-04:00,0.06,75,308,[236]
O:SPY240315P00470000,2024-03-14,1710444842530,2024-03-14T15:34:02.530000-04:00,0.06,6,304,[209]
O:SPY240315P00470000,2024-03-14,1710444816496,2024-03-14T15:33:36.496000-04:00,0.05,25,302,[233]
O:SPY240315P00470000,2024-03-14,1710444722756,2024-03-14T15:32:02.756000-04:00,0.05,1,312,[219]
O:SPY240315P00470000,2024-03-14,1710444712711,2024-03-14T15:31:52.711000-04:00,0.05,2,304,[209]
O:SPY240315P00470000,2024-03-14,1710444411649,2024-03-14T15:26:51.649000-04:00,0.05,8,309,[209]
O:SPY240315P00470000,2024-03-14,1710444404251,2024-03-14T15:26:44.251000-04:00,0.05,1,309,[209]
O:SPY240315P00470000,2024-03-14,1710444396030,2024-03-14T15:26:36.030000-04:00,0.04,1,312,[232]
O:SPY240315P00470000,2024-03-14,1710444359104,2024-03-14T15:25:59.104000-04:00,0.05,45,319,[209]
O:SPY240315P00470000,2024-03-14,1710444359104,2024-03-14T15:25:59.104000-04:00,0.05,5,301,[209]
O:SPY240315P00470000,2024-03-14,1710444355666,2024-03-14T15:25:55.666000-04:00,0.05,1,301,[209]
O:SPY240315P00470000,2024-03-14,1710444204193,2024-03-14T15:23:24.193000-04:00,0.05,3,308,[232]
O:SPY240315P00470000,2024-03-14,1710444164933,2024-03-14T15:22:44.933000-04:00,0.04,3,300,[209]
O:SPY240315P00470000,2024-03-14,1710444164933,2024-03-14T15:22:44.933000-04:00,0.04,6,300,[209]
O:SPY240315P00470000,2024-03-14,1710444164933,2024-03-14T15:22:44.933000-04:00,0.04,1,300,[209]
O:SPY240315P00470000,2024-03-14,1710444160640,2024-03-14T15:22:40.640000-04:00,0.04,1,304,[209]
O:SPY240315P00470000,2024-03-14,1710444100274,2024-03-14T15:21:40.274000-04:00,0.05,10,300,[209]
O:SPY240315P00470000,2024-03-14,1710444097422,2024-03-14T15:21:37.422000-04:00,0.05,3,312,[232]
O:SPY240315P00470000,2024-03-14,1710444097280,2024-03-14T15:21:37.280000-04:00,0.04,20,316,[209]
O:SPY240315P00470000,2024-03-14,1710444097279,2024-03-14T15:21:37.279000-04:00,0.04,1,313,[209]
O:SPY240315P00470000,2024-03-14,1710443970026,2024-03-14T15:19:30.026000-04:00,0.03,4,302,[233]
O:SPY240315P00470000,2024-03-14,1710443629014,2024-03-14T15:13:49.014000-04:00,0.03,8,322,[219]
O:SPY240315P00470000,2024-03-14,1710443629014,2024-03-14T15:13:49.014000-04:00,0.03,22,322,[219]
O:SPY240315P00470000,2024-03-14,1710443479297,2024-03-14T15:11:19.297000-04:00,0.03,15,312,[209]
O:SPY240315P00470000,2024-03-14,1710443469798,2024-03-14T15:11:09.798000-04:00,0.03,40,312,[219]
O:SPY240315P00470000,2024-03-14,1710443447258,2024-03-14T15:10:47.258000-04:00,0.03,4,304,[209]
O:SPY240315P00470000,2024-03-14,1710443401105,2024-03-14T15:10:01.105000-04:00,0.03,4,313,[209]
O:SPY240315P00470000,2024-03-14,1710443401105,2024-03-14T15:10:01.105000-04:00,0.03,50,313,[209]
O:SPY240315P00470000,2024-03-14,1710443401105,2024-03-14T15:10:01.105000-04:00,0.03,1,313,[209]
O:SPY240315P00470000,2024-03-14,1710443400234,2024-03-14T15:10:00.234000-04:00,0.03,1,313,[209]
O:SPY240315P00470000,2024-03-14,1710443399630,2024-03-14T15:09:59.630000-04:00,0.03,1,313,[209]
O:SPY240315P00470000,2024-03-14,1710443397945,2024-03-14T15:09:57.945000-04:00,0.03,1,313,[209]
O:SPY240315P00470000,2024-03-14,1710443383497,2024-03-14T15:09:43.497000-04:00,0.03,1,313,[209]
O:SPY240315P00470000,2024-03-14,1710443335678,2024-03-14T15:08:55.678000-04:00,0.04,1,303,[232]
O:SPY240315P00470000,2024-03-14,1710442862073,2024-03-14T15:01:02.073000-04:00,0.03,1,304,[232]
O:SPY240315P00470000,2024-03-14,1710442598813,2024-03-14T14:56:38.813000-04:00,0.02,5,300,[227]
O:SPY240315P00470000,2024-03-14,1710442355026,2024-03-14T14:52:35.026000-04:00,0.02,4,304,[209]
O:SPY240315P00470000,2024-03-14,1710442319135,2024-03-14T14:51:59.135000-04:00,0.02,1,312,[219]
O:SPY240315P00470000,2024-03-14,1710441470623,2024-03-14T14:37:50.623000-04:00,0.02,1,312,[209]
O:SPY240315P00470000,2024-03-14,1710438567519,2024-03-14T13:49:27.519000-04:00,0.03,1,319,[209]
O:SPY240315P00470000,2024-03-14,1710437019439,2024-03-14T13:23:39.439000-04:00,0.04,1,300,[209]
O:SPY240315P00470000,2024-03-14,1710437009264,2024-03-14T13:23:29.264000-04:00,0.04,1,312,[219]
O:SPY240315P00470000,2024-03-14,1710437001021,2024-03-14T13:23:21.021000-04:00,0.03,3,302,[233]
O:SPY240315P00470000,2024-03-14,1710436252615,2024-03-14T13:10:52.615000-04:00,0.03,1,322,[232]
O:SPY240315P00470000,2024-03-14,1710435694936,2024-03-14T13:01:34.936000-04:00,0.03,1,325,[209]
O:SPY240315P00470000,2024-03-14,1710435694935,2024-03-14T13:01:34.935000-04:00,0.03,10,315,[209]
O:SPY240315P00470000,2024-03-14,1710435694935,2024-03-14T13:01:34.935000-04:00,0.03,29,313,[209]
O:SPY240315P00470000,2024-03-14,1710435682110,2024-03-14T13:01:22.110000-04:00,0.02,40,300,[227]
O:SPY240315P00470000,2024-03-14,1710435655453,2024-03-14T13:00:55.453000-04:00,0.03,10,313,[232]
O:SPY240315P00470000,2024-03-14,1710435526547,2024-03-14T12:58:46.547000-04:00,0.03,50,320,[209]
O:SPY240315P00470000,2024-03-14,1710433881567,2024-03-14T12:31:21.567000-04:00,0.02,11,312,[233]
O:SPY240315P00470000,2024-03-14,1710432712602,2024-03-14T12:11:52.602000-04:00,0.02,1,313,[219]
O:SPY240315P00470000,2024-03-14,1710432705035,2024-03-14T12:11:45.035000-04:00,0.02,2,304,[209]
O:SPY240315P00470000,2024-03-14,1710432236930,2024-03-14T12:03:56.930000-04:00,0.02,1,312,[209]
O:SPY240315P00470000,2024-03-14,1710431971197,2024-03-14T11:59:31.197000-04:00,0.02,1,309,[209]
O:SPY240315P00470000,2024-03-14,1710431911420,2024-03-14T11:58:31.420000-04:00,0.02,4,304,[209]
O:SPY240315P00470000,2024-03-14,1710431911420,2024-03-14T11:58:31.420000-04:00,0.02,2,304,[209]
O:SPY240315P00470000,2024-03-14,1710431911420,2024-03-14T11:58:31.420000-04:00,0.02,4,304,[209]
O:SPY240315P00470000,2024-03-14,1710431425066,2024-03-14T11:50:25.066000-04:00,0.03,20,304,[232]
O:SPY240315P00470000,2024-03-14,1710430789986,2024-03-14T11:39:49.986000-04:00,0.02,2,309,[209]
O:SPY240315P00470000,2024-03-14,1710430764798,2024-03-14T11:39:24.798000-04:00,0.03,21,300,[209]
O:SPY240315P00470000,2024-03-14,1710430764798,2024-03-14T11:39:24.798000-04:00,0.03,3,300,[209]
O:SPY240315P00470000,2024-03-14,1710430764798,2024-03-14T11:39:24.798000-04:00,0.03,5,300,[209]
O:SPY240315P00470000,2024-03-14,1710430182284,2024-03-14T11:29:42.284000-04:00,0.02,1,302,[233]
O:SPY240315P00470000,2024-03-14,1710430182261,2024-03-14T11:29:42.261000-04:00,0.02,1,302,[233]
O:SPY240315P00470000,2024-03-14,1710429255712,2024-03-14T11:14:15.712000-04:00,0.03,1,308,[236]
O:SPY240315P00470000,2024-03-14,1710429002069,2024-03-14T11:10:02.069000-04:00,0.02,1,301,[219]
O:SPY240315P00470000,2024-03-14,1710427791113,2024-03-14T10:49:51.113000-04:00,0.02,1,309,[209]
O:SPY240315P00470000,2024-03-14,1710427782008,2024-03-14T10:49:42.008000-04:00,0.03,4,312,[232]
O:SPY240315P00470000,2024-03-14,1710427691555,2024-03-14T10:48:11.555000-04:00,0.02,7,308,[236]
O:SPY240315P00470000,2024-03-14,1710427493116,2024-03-14T10:44:53.116000-04:00,0.02,1,309,[209]
O:SPY240315P00470000,2024-03-14,1710427016031,2024-03-14T10:36:56.031000-04:00,0.02,4,301,[209]
O:SPY240315P00470000,2024-03-14,1710426733269,2024-03-14T10:32:13.269000-04:00,0.03,1,300,[209]
O:SPY240315P00470000,2024-03-14,1710426724889,2024-03-14T10:32:04.889000-04:00,0.03,10,300,[232]
O:SPY240315P00470000,2024-03-14,1710426686827,2024-03-14T10:31:26.827000-04:00,0.02,9,301,[209]
O:SPY240315P00470000,2024-03-14,1710426686760,2024-03-14T10:31:26.760000-04:00,0.02,1,304,[209]
O:SPY240315P00470000,2024-03-14,1710426203241,2024-03-14T10:23:23.241000-04:00,0.03,1,300,[232]
O:SPY240315P00470000,2024-03-14,1710425468743,2024-03-14T10:11:08.743000-04:00,0.03,5,300,[209]
O:SPY240315P00470000,2024-03-14,1710425130353,2024-03-14T10:05:30.353000-04:00,0.03,1,322,[236]
O:SPY240315P00470000,2024-03-14,1710425130353,2024-03-14T10:05:30.353000-04:00,0.03,2,322,[236]
O:SPY240315P00470000,2024-03-14,1710425130353,2024-03-14T10:05:30.353000-04:00,0.03,3,322,[236]
O:SPY240315P00470000,2024-03-14,1710425130353,2024-03-14T10:05:30.353000-04:00,0.03,4,322,[236]
O:SPY240315P00470000,2024-03-14,1710425007308,2024-03-14T10:03:27.308000-04:00,0.02,1,308,[233]
O:SPY240315P00470000,2024-03-14,1710425007307,2024-03-14T10:03:27.307000-04:00,0.02,5,302,[233]
O:SPY240315P00470000,2024-03-14,1710425007307,2024-03-14T10:03:27.307000-04:00,0.02,4,302,[233]
O:SPY240315P00470000,2024-03-14,1710424948729,2024-03-14T10:02:28.729000-04:00,0.03,2,302,[209]
O:SPY240315P00470000,2024-03-14,1710424948729,2024-03-14T10:02:28.729000-04:00,0.03,2,302,[209]
O:SPY240315P00470000,2024-03-14,1710424912436,2024-03-14T10:01:52.436000-04:00,0.04,10,300,[232]
O:SPY240315P00470000,2024-03-14,1710424826383,2024-03-14T10:00:26.383000-04:00,0.03,3,302,[232]
O:SPY240315P00470000,2024-03-14,1710424826383,2024-03-14T10:00:26.383000-04:00,0.02,3,302,[232]
O:SPY240315P00470000,2024-03-14,1710424732996,2024-03-14T09:58:52.996000-04:00,0.02,11,301,[209]
O:SPY240315P00470000,2024-03-14,1710424650789,2024-03-14T09:57:30.789000-04:00,0.03,6,313,[236]
O:SPY240315P00470000,2024-03-14,1710424650789,2024-03-14T09:57:30.789000-04:00,0.03,4,313,[236]
O:SPY240315P00470000,2024-03-14,1710424646972,2024-03-14T09:57:26.972000-04:00,0.02,2,304,[232]
O:SPY240315P00470000,2024-03-14,1710424605482,2024-03-14T09:56:45.482000-04:00,0.03,1,308,[232]
O:SPY240315P00470000,2024-03-14,1710424297925,2024-03-14T09:51:37.925000-04:00,0.02,4,303,[209]
O:SPY240315P00470000,2024-03-14,1710424228033,2024-03-14T09:50:28.033000-04:00,0.02,10,313,[232]
O:SPY240315P00470000,2024-03-14,1710424100735,2024-03-14T09:48:20.735000-04:00,0.02,10,308,[236]
O:SPY240315P00470000,2024-03-14,1710423993421,2024-03-14T09:46:33.421000-04:00,0.01,1,308,[236]
O:SPY240315P00470000,2024-03-14,1710423875776,2024-03-14T09:44:35.776000-04:00,0.03,5,300,[232]
O:SPY240315P00470000,2024-03-14,1710423742972,2024-03-14T09:42:22.972000-04:00,0.02,5,302,[233]
O:SPY240315P00470000,2024-03-14,1710423742972,2024-03-14T09:42:22.972000-04:00,0.02,5,302,[233]
O:SPY240315P00470000,2024-03-14,1710423538362,2024-03-14T09:38:58.362000-04:00,0.02,10,308,[236]
O:SPY240315P00470000,2024-03-14,1710423003980,2024-03-14T09:30:03.980000-04:00,0.01,3,308,[232]
O:SPY240315P00470000,2024-03-14,1710423003814,2024-03-14T09:30:03.814000-04:00,0.01,2,304,[209]
O:SPY240315P00470000,2024-03-14,1710423001399,2024-03-14T09:30:01.399000-04:00,0.01,1,302,[209]
O:SPY240315P00470000,2024-03-14,1710423000147,2024-03-14T09:30:00.147000-04:00,0.01,6,308,[232]
O:SPY240315P00470000,2024-03-15,1710529429605,2024-03-15T15:03:49.605000-04:00,0.01,3,309,[219]
O:SPY240315P00470000,2024-03-15,1710527096083,2024-03-15T14:24:56.083000-04:00,0.01,1,308,[240]
O:SPY240315P00470000,2024-03-15,1710523677283,2024-03-15T13:27:57.283000-04:00,0.01,1,312,[219]
O:SPY240315P00470000,2024-03-15,1710521828863,2024-03-15T12:57:08.863000-04:00,0.01,5,309,[209]
O:SPY240315P00470000,2024-03-15,1710521743625,2024-03-15T12:55:43.625000-04:00,0.01,2,309,[219]
O:SPY240315P00470000,2024-03-15,1710520368577,2024-03-15T12:32:48.577000-04:00,0.01,2,312,[209]
O:SPY240315P00470000,2024-03-15,1710515940614,2024-03-15T11:19:00.614000-04:00,0.01,2,312,[209]
O:SPY240315P00470000,2024-03-15,1710514702713,2024-03-15T10:58:22.713000-04:00,0.01,2,320,[209]
O:SPY240315P00470000,2024-03-15,1710512249886,2024-03-15T10:17:29.886000-04:00,0.01,1,323,[236]
O:SPY240315P00470000,2024-03-15,1710512206845,2024-03-15T10:16:46.845000-04:00,0.01,27,322,[209]
O:SPY240315P00470000,2024-03-15,1710512206845,2024-03-15T10:16:46.845000-04:00,0.01,53,322,[209]
O:SPY240315P00470000,2024-03-15,1710512151623,2024-03-15T10:15:51.623000-04:00,0.01,100,304,[227]
O:SPY240315P00470000,2024-03-15,1710510918179,2024-03-15T09:55:18.179000-04:00,0.01,2,300,[209]
O:SPY240315P00470000,2024-03-15,1710510424072,2024-03-15T09:47:04.072000-04:00,0.01,1,300,[209]
O:SPY240315P00470000,2024-03-15,1710510289757,2024-03-15T09:44:49.757000-04:00,0.01,1,308,[232]
O:SPY240315P00470000,2024-03-15,1710510221155,2024-03-15T09:43:41.155000-04:00,0.01,8,304,[209]
O:SPY240315P00470000,2024-03-15,1710509698152,2024-03-15T09:34:58.152000-04:00,0.01,20,300,[209]
O:SPY240315P00470000,2024-03-15,1710509405469,2024-03-15T09:30:05.469000-04:00,0.01,8,316,[209]
